<record><leader>00000cas a22000007a 4500</leader><controlfield tag="001">32437707</controlfield><controlfield tag="008">950508d18801880meudr ne      0    0eng d</controlfield><datafield ind1=" " ind2=" " tag="010"><subfield code="a">sn 95067811 </subfield></datafield><datafield ind1=" " ind2=" " tag="040"><subfield code="a">MBN</subfield><subfield code="b">eng</subfield><subfield code="c">MBN</subfield><subfield code="d">OCLCQ</subfield><subfield code="d">OCLCF</subfield><subfield code="d">OCLCO</subfield></datafield><datafield ind1="1" ind2=" " tag="029"><subfield code="a">AU@</subfield><subfield code="b">000011677364</subfield></datafield><datafield ind1=" " ind2=" " tag="042"><subfield code="a">msc</subfield></datafield><datafield ind1=" " ind2=" " tag="043"><subfield code="a">n-us-me</subfield></datafield><datafield ind1="0" ind2="4" tag="245"><subfield code="a">The Rockland daily courier.</subfield></datafield><datafield ind1=" " ind2=" " tag="260"><subfield code="a">Rockland, Me. :</subfield><subfield code="b">Fuller &amp; Jones</subfield></datafield><datafield ind1=" " ind2=" " tag="300"><subfield code="a">v.</subfield></datafield><datafield ind1=" " ind2=" " tag="310"><subfield code="a">Daily</subfield></datafield><datafield ind1="0" ind2=" " tag="362"><subfield code="a">-no. 7 (Jan. 16, 1880).</subfield></datafield><datafield ind1="1" ind2=" " tag="362"><subfield code="a">Began Jan. 9, 1880.</subfield></datafield><datafield ind1=" " ind2=" " tag="588"><subfield code="a">Description based on: No. 2 (Jan. 10, 1880).</subfield></datafield><datafield ind1=" " ind2="0" tag="651"><subfield code="a">Rockland (Me.)</subfield><subfield code="v">Newspapers.</subfield></datafield><datafield ind1=" " ind2="7" tag="655"><subfield code="a">Newspapers.</subfield><subfield code="2">fast</subfield><subfield code="0">(OCoLC)fst01423814</subfield></datafield><datafield ind1=" " ind2="7" tag="651"><subfield code="a">Maine</subfield><subfield code="z">Rockland.</subfield><subfield code="2">fast</subfield><subfield code="0">(OCoLC)fst01223542</subfield></datafield><datafield ind1=" " ind2=" " tag="752"><subfield code="a">United States</subfield><subfield code="b">Maine</subfield><subfield code="c">Knox</subfield><subfield code="d">Rockland.</subfield></datafield><datafield ind1="1" ind2=" " tag="775"><subfield code="a">Rockland courier</subfield><subfield code="w">(DLC)sn 84022371</subfield></datafield></record>